@article{aarsten1996patterns,
  title={Patterns for three-tier client/server applications},
  author={Aarsten, Amund and Brugali, Davide and Menga, Giuseppe},
  journal={Proceedings of Pattern Languages of Programs (PLoP’96)},
  volume={4},
  number={6},
  year={1996},
  publisher={Citeseer}
}

@article{nicho2018evaluating,
  title={Evaluating user vulnerabilities vs phisher skills in spear phishing},
  author={Nicho, Mathew and Fakhry, Hussein and Egbue, Uche},
  journal={Internat J Comput Sci Inform Syst},
  volume={13},
  pages={93--108},
  year={2018}
}

@article{chiew2018survey,
  title={A survey of phishing attacks: Their types, vectors and technical approaches},
  author={Chiew, Kang Leng and Yong, Kelvin Sheng Chek and Tan, Choon Lin},
  journal={Expert Systems with Applications},
  volume={106},
  pages={1--20},
  year={2018},
  publisher={Elsevier}
}

@article{apwg2017phishing,
  title={Phishing activity trends report: 4th quarter 2016},
  author={APWG, APWG},
  journal={Anti-Phishing Working Group. Retrieved December},
  volume={12},
  pages={2017},
  year={2017}
}

@article{villeneuve2010kneber,
  title={The "Kneber" Botnet, Spear Phishing Attacks and Crimeware},
  author={Villeneuve, Nart},
  year={2010}
}

@inproceedings{sheng2007anti,
  title={Anti-phishing phil: the design and evaluation of a game that teaches people not to fall for phish},
  author={Sheng, Steve and Magnien, Bryant and Kumaraguru, Ponnurangam and Acquisti, Alessandro and Cranor, Lorrie Faith and Hong, Jason and Nunge, Elizabeth},
  booktitle={Proceedings of the 3rd symposium on Usable privacy and security},
  pages={88--99},
  year={2007}
}

@inproceedings{wen2019hack,
  title={What. hack: engaging anti-phishing training through a role-playing phishing simulation game},
  author={Wen, Zikai Alex and Lin, Zhiqiu and Chen, Rowena and Andersen, Erik},
  booktitle={Proceedings of the 2019 CHI Conference on Human Factors in Computing Systems},
  pages={1--12},
  year={2019}
}

@inproceedings{kumaraguru2008lessons,
  title={Lessons from a real world evaluation of anti-phishing training},
  author={Kumaraguru, Ponnurangam and Sheng, Steve and Acquisti, Alessandro and Cranor, Lorrie Faith and Hong, Jason},
  booktitle={2008 eCrime Researchers Summit},
  pages={1--12},
  year={2008},
  organization={IEEE}
}

@misc{nielsen2005ten,
  title={Ten usability heuristics},
  author={Nielsen, Jakob},
  year={2005},
  publisher={http://www. nngroup. com/articles/ten-usability-heuristics/(acc-essed~…}
}

@misc{emailclientlitmus,
  title={email client market share and popularity},
  author={Litmus},
  url={https://www.litmus.com/email-client-market-share/},
  year={2022}
 }
 
 @ARTICLE{caputo2014embedded,
   author={Caputo, Deanna D. and Pfleeger, Shari Lawrence and Freeman, Jesse D. and Johnson, M. Eric},
   journal={IEEE Security   Privacy},
   title={Going Spear Phishing: Exploring Embedded Training and Awareness},
   year={2014},
   volume={12},
   number={1},
   pages={28-38},
   doi={10.1109/MSP.2013.106}
 }
 
 @inproceedings{oest2018inside,
  title={Inside a phisher's mind: Understanding the anti-phishing ecosystem through phishing kit analysis},
  author={Oest, Adam and Safei, Yeganeh and Doup{\'e}, Adam and Ahn, Gail-Joon and Wardman, Brad and Warner, Gary},
  booktitle={2018 APWG Symposium on Electronic Crime Research (eCrime)},
  pages={1--12},
  year={2018},
  organization={IEEE}
}

@article{parsons2019predicting,
  title={Predicting susceptibility to social influence in phishing emails},
  author={Parsons, Kathryn and Butavicius, Marcus and Delfabbro, Paul and Lillie, Meredith},
  journal={International Journal of Human-Computer Studies},
  volume={128},
  pages={17--26},
  year={2019},
  publisher={Elsevier}
}

@article{tally2004anti,
  title={Anti-phishing: Best practices for institutions and consumers},
  author={Tally, Gregg and Thomas, Roshan and Van Vleck, Tom},
  journal={McAfee Research, Mar},
  year={2004}
}

@book{bodmer2012reverse,
  edition={1},
  title={Reverse Deception: Organized Cyber Threat Counter-Exploitation},
  publisher={McGraw-Hill},
  author={Bodmer, Sean and Kilger, Max and Carpenter, Gregory and Jones, Jade},
  year={2012},
  pages={14-15}
}

@article{bhardwaj2020phishing,
  title={Why is phishing still successful?},
  author={Bhardwaj, Akashdeep and Sapra, Varun and Kumar, Aman and Kumar, Naman and Arthi, S},
  journal={Computer Fraud \& Security},
  volume={2020},
  number={9},
  pages={15--19},
  year={2020},
  publisher={MA Business London}
}

@misc{flask,
  url={https://flask.palletsprojects.com/en/2.1.x/},
  journal={Flask.palletsprojects.com},
  year={2022},
  author={Pallets}
}

@misc{werkzeugSecurity,
  url={https://tedboy.github.io/flask/_modules/werkzeug/security.html},
  author={Tedboy},
  year={2022}
}

@article{otte2009version,
  title={Version control systems},
  author={Otte, Stefan},
  journal={Computer Systems and Telematics},
  pages={11--13},
  year={2009}
}

@misc{prestonwerner_2022,
  title={Semantic Versioning 2.0.0},
  url={https://semver.org/},
  journal={Semantic Versioning},
  author={Preston-Werner, Tom},
  year={2022}
}